@article{barnes_spp,
  title={Surface plasmon subwavelength optics},
  author={Barnes, W.L. and Dereux, A. and Ebbesen, T.W.},
  journal={Nature},
  volume={424},
  pages={824--830},
  year={2003}
}