@article{Libenson,
  title={Поверхностные электромагнитные волны оптического диапазона},
  author={Либенсон, М.Н.},
  journal={Соросовский образовательный журнал},
  volume={10},
  pages={92},
  year={1996}
}

@article{Zayats,
  title={Nano-optics of Surface Plasmon Polaritons},
  author={Zayats, A.V. and Smolyaninov, I.I. and Maradudin, A.A.},
  journal={Physics Reports},
  volume={408},
  pages={131},
  year={2005}
}

@Book{LPP_Hulst,
AUTHOR = {H.C. van de Hulst},
TITLE = {Light Scattering by Small Particles},
PUBLISHER = {Dover Publications},
year = {1981}
}

@Book{nanotechnologybook,
AUTHOR = {Гусев, А.И.},
TITLE = {Наноматериалы, наноструктуры, нанотехнологии},
PUBLISHER = {ФИЗМАТЛИТ},
year = {2005}
}

@Book{SPIEnanofabrication,
AUTHOR = {Rai-Choudhury, P.},
TITLE = {Handbook of Microlithography, Micromachining and Microfabrication},
PUBLISHER = {SPIE Optical Engeneering Press},
year = {1997}
}

@article{biosensing,
author = {Anker, J.N. and Hall, W.P. and Lyandres, O. and Shah, N.C. and Zhao, J. and Van Duyne, R.P.},
title = {Biosensing with plasmonic nanosensors},
journal = {Nature Materials},
volume = {7},
pages = {442},
year = {2008},
}

@article{DNA,
  title={Calibration of Silver Plasmon Rulers in the 1--25 nm Separation Range: experimental Indications of Distinct Plasmon Coupling Regimes},
  author={Yang, L. and Wang, H. and Yan, B. and Reinhard, B.M.},
  journal={Physical Chemistry C},
  volume={114},
  pages={4901},
  year={2010}
}

@article{bioplasmonruler,
author = {Sonnichsen, C. and Reinhard, B. M. and Liphardt, J. and Alivisatos, A. P.},
title = {A molecular ruler based on plasmon coupling of single gold and silver nanoparticles},
journal = {Nature Biotechnology},
volume = {23},
pages = {741},
year = {2005},
}

@article{bioplasmonruler2,
author = {Reinhard, B.M. and Sheikholeslami, S. and Mastroianni, A. and Alivisatos, A. and Liphardt, J.},
title = {Use of plasmon coupling to reveal the dynamics of DNA bending and cleavage by single EcoRV restriction enzymes},
journal = {Proceedings of the National Academy of Sciences},
volume = {104},
pages = {2667},
year = {2007},
}

@article{bioplasmonruler3,
  title={Calibration of Dynamic Molecular Rulers Based on Plasmon Coupling between Gold Nanoparticles},
  author={Reinhard, B.M. and Siu, M. and Agarwal, H. and Alivastos, A.P. and Liphard, J.},
  journal={Nano Letters},
  volume={5},
  pages={2246},
  year={2005}
}

@article{plasonrulereq,
  title={On the Universal Scaling Behavior of the Distance Decay of Plasmon Coupling in Metal Nanoparticle Pairs: A Plasmon Ruler Equation},
  author={Jain, P.K. and Huang, W. and El-Sayed, M.A.},
  journal={Nano Letters},
  volume={7},
  pages={2080},
  year={2007}
}

@article{nanoprism,
  title={On the Use of Plasmonic Nanoparticle Pairs As a Plasmon Ruler: The Dependence of the Near-Field Dipole Plasmon Coupling on Nanoparticle Size and Shape},
  author={Tabor, C. and Murali, R. and Mahmoud, M. and El-Sayed, M.A.},
  journal={Physical Chemistry A},
  volume={113},
  pages={1946},
  year={2009}
}

@article{nanoring,
  title={Plasmonic Coupling in Gold Nanoring Dimers: Observation of Coupled Bonding Mode},
  author={Chia-Yang Tsai et al},
  journal={Nano Letters},
  volume={12},
  pages={1648},
  year={2012}
}

@article{nanospheres,
  title={Plasmon Coupling in Silver Nanosphere Pairs},
  author={Encina, E.R. and Coronado, E.A.},
  journal={Physical Chemistry C},
  volume={114},
  pages={3918},
  year={2010}
}

@article{nanospheres2,
  title={Controlled Plasmon Resonance Properties of Hollow Gold Nanosphere Aggregates},
  author={Chandra, M. and Dowgiallo, A.M. and Knappenberger, K.L.},
  journal={American Chemical Society},
  volume={132},
  pages={15783},
  year={2010}
}

@article{nanocyllinders,
  title={Surface Plasmon Coupling and Its Universal Size Scaling in Metal Nanostructures of Complex Geometry: Elongated Particle Pairs and Nanosphere Trimers},
  author={Jain, P.K. and El-Sayed, M.A.},
  journal={Physical Chemistry C},
  volume={112},
  pages={4954},
  year={2008}
}

@article{nanorods2,
  title={Effect of Orientation on Plasmonic Coupling between Gold Nanorods},
  author={Tabor, C. and Haute, D.V. and El-Sayed, M.A.},
  journal={ACS Nano},
  volume={3},
  pages={3670},
  year={2009}
}

@article{nanoshells,
  title={Universal Scaling of Plasmon Coupling in Metal Nanostructures: Extension from Particle Pairs to Nanoshells},
  author={Jain, P.K. and El-Sayed, M.A.},
  journal={Nano Letters},
  volume={7},
  pages={2854},
  year={2007}
}

@article{nanorods,
  title={Universal Scaling and Fano Resonance in the Plasmon Coupling between Gold Nanorods},
  author={Woo, K.C. and Shao, L. and Chen, H. and Liang, Y. and Wang, J. and Lin, H.},
  journal={ACS Nano},
  volume={5},
  pages={5976},
  year={2011}
}

@article{nanorods3,
  title={Effects of Symmetry Breaking and Conductive Contact on the Plasmon Coupling in Gold Nanorod Dimers},
  author={Slaughter, L.S. and Wu, Y. and Willingham, B.A. and Nordlander, P. and Link, S.},
  journal={ACS Nano},
  volume={4},
  pages={4657},
  year={2010}
}

@article{3druler,
  title={Analytical Model of the Three-Dimensional Plasmonic Ruler},
  author={Davis, T.J. and Hentschel,M. and Giessen, H.},
  journal={ACS Nano},
  volume={6},
  pages={1291},
  year={2012}
}

@article{FDTDYee,
  title={Numerical Solution of Initial Boundary Value Problems Involving {M}axwell's Equations in Isotropic Media},
  author={Yee, K.S.},
  journal={IEEE Transactions on Antennas and Propagation},
  volume={14},
  pages={302},
  year={1966}
}

@article{dipoleInteraction,
  title={Exact Energy Of Interaction Between Nonpolar Molecules Represented As Dipoles},
  author={Mitchel, D.J. and Ninham, B.W. and Richmond, P.},
  journal={Australian Journal of Physics},
  volume={25},
  pages={33},
  year={1972}
}

@article{plasma_freq,
  title={Surface-wetting effects on the liquid – liquid transition of a single-component molecular liquid},
  author={Murata, Ken-ichiro and Tanaka, Hajime},
  journal={Nature Communications},
  volume={1},	
  pages={16},
  year={2010}
}

@article{projectelectron,
  title={Recent progress on the electron image projector},
  author={Scott, J.P.},
  journal={Journal of Vacuum Science and Technology},
  volume={15},
  year={1978},
  pages={1016}
}

@article{drugDelivery,
  title={Gold nanoparticles for the improved anticancer drug delivery of the active component of oxaliplatin},
  author={Brown, S.D. and Nativo, P. and Smith, J.A. and Stirling, D. and Edwards, P.R. and Venugopal, B. and Flint, D.J. and Plumb, J.A. and Graham, D. and Wheate, N.J.},
  journal={Journal of American Chemical Society},
  volume={132},
  year={2010},
  pages={4678}
}

@article{cellImaging,
  title={In vivo assembly of nanoparticle components to improve targeted cancer imaging},
  author={Parrault, S.D. and Chan, W.C.},
  journal={Proceedings of the National Academy of Sciences},
  volume={107},
  year={2010},
  pages={11194}
}

@article{photothermalTherapy,
  title={Cancer cell imaging and photothermal therapy in the near-infrared region by using gold nanorods},
  author={Huang, X. and El-Sayed, I.H. and Qian, W. and El-Sayed, M.A.},
  journal={Journal of American Chemical Society},
  volume={128},
  year={2006},
  pages={2115}
}

@article{nanorods1,
  title={Plasmon coupling of gold nanorods at short distances and in different geometries},
  author={Funston, A.M. and Novo, C. and Davis, T.J. and Mulvaney, P.},
  journal={Nano Letters},
  volume={9},
  year={2009},
  pages={1651}
}